@article{weranders,
	author = "Hans Weranders",
	title ="Der Titel ist seine Allegorie seiner selbst",
	journal ="Bücher über dies und das",
	year="1999",
	month="Februar",
	pages = "257-286",
},
@article{sethladd, 
	author = "Seth Ladd",
	text = "Sorry, at the time of this writing, I'm not aware of a socket.io port for Dart. socket.io is nice because it has a bunch of implementation options for browsers that don't support Web sockets.
Sounds like a good idea for a hackathon project!"	
	year = "2012",
	month="October",
	day="15",
}
